
@article{dornheim1996planetary,
  title={Planetary Flight Surge Faces Budget Realities},
  author={Dornheim, Michael A},
  journal={Aviation Week \& Space Technology},
  volume={145},
  number={24},
  pages={44--46},
  year={1996}
}


@inbook{combuston_text,
  title={An Introduction to Combustion Concepts and Applications},
  editor={Turns, Stephen R.},
  year={1984},
  publisher={McGraw-Hill},
  address={New York},
  pages={19, 136},
}


